% !Mode:: "TeX:UTF-8"

@article{data_count,
  title    = {分布式存储打开千亿级市场 深入推动行业数字化转型},
  issn     = {1007-2845},
  abstract = {\&lt;正\&gt;全球互联网行业进入高速发展期,根据国际数据公司(IDC)预测,到2023年,中国的数据量将达到40zb,其中80\%超过是非结构化数据。随着5g技术的普及,企业数据将成为中国数据的主流,数据市场将成倍增长。此前,市场研究机构Marketsand Markets发布的全球数据存储市场规模预测显示,2024年全球数据存储市场规模将破千亿美元大关。},
  language = {中文;},
  number   = {04},
  urldate  = {2021-05-18},
  journal  = {上海商业},
  author   = {栗翘楚},
  year     = {2021},
  keywords = {分布式存储, 数据存储, 数字化转型},
  pages    = {5},
  file     = {Full Text PDF:C\:\\Users\\Dell\\Zotero\\storage\\76NLUM5E\\栗 - 2021 - 分布式存储打开千亿级市场 深入推动行业数字化转型.pdf:application/pdf}
}


@article{gfs,
  author = {Sanjay Ghemawat, Howard Gobioff},
  title  = {The Google File System},
  year   = {2003}
}

@article{mr_back,
  author  = {J DeWitt},
  title   = {MapReduce: A major step backwards - Washington},
  journal = {Certified Special Events Professional},
  volume  = {544},
  number  = {21},
  year    = {2008}
}


@article{2020_mobile,
	title = {谁在为数字经济铺路架桥？中国5G和中国手机},
	issn = {1672-7150},
	language = {中文;},
	number = {20},
	urldate = {2021-05-19},
	journal = {中国经济周刊},
	author = {孙冰},
	year = {2020},
	keywords = {普及率, 手机品牌, 万物互联},
	pages = {21--24},
}

@article{plan13,
  author          = {苏向东},
  title           = {中国国民经济和社会发展第十三个五年规划纲要(全文)},
  journal         = {新华网},
  volume          = {2016全国两会},
  year            = {2016}
}

@phdthesis{kong_people,
	type = {硕士},
	title = {基于手机信令数据的人口流动分析},
	language = {中文;},
	urldate = {2021-04-15},
	school = {华东师范大学},
	author = {孔扬鑫},
	year = {2017},
	keywords = {轨迹挖掘, 人口流动, 手机信令数据, MapRe-duce, MapReduce, Mobile Phone Signaling Data, Population Flow, Trajectory Mining},
}

@phdthesis{liu_pos_forecast,
	title = {基于运营商数据的用户位置预测系统研究},
	abstract = {当代定位技术的飞速发展使得运营商能够通过智能移动设备获取大规模用户的地理位置信息,同时对位置信息的挖掘可以实现多种基于位置的服务,为运营商创造收益。在基于位置的服务场景中,位置预测作为其中的基础研究问题,对理解用户空间移动模式具有重要作用。本文基于运营商数据构建用户位置预测系统,在该位置预测系统中,为实现更精准的决策制定、提升用户体验,如何应对时空轨迹的复杂场景、提高位置预测模型的精度成为本文着重解决的问题。现有的位置预测研究中,研究者通过融合位置轨迹中的时空特性、位置语义等因素以提升位置预测的精度。然而,这些研究将用户活动作为位置语义时,缺少挖掘活动语义的序列特性及其对移动模式的影响,使位置...},
	language = {中文;},
	urldate = {2021-04-15},
	school = {北京邮电大学},
	author = {刘奕杉},
	year = {2019},
	keywords = {活动语义序列特征, 手机移动数据, 位置预测, cellular data, location prediction, sequence characteristic of activity semantic},
}

@phdthesis{chang_job_space,
	type = {硕士},
	title = {基于手机信令数据的延庆区职业空间关系研究},
	abstract = {日益复杂的城市功能、便捷的交通、市场经济化的快速发展,城市居民职住分离现象越来越明显,通勤距离增加与通勤时间增多,导致了交通拥堵等复杂城市问题,研究职住空间关系成为解决这些问题的重要方法。传统的问卷调查等研究方式耗时巨大且样本量较少,而手机信令数据样本量大,通过大规模记录居民的时空数据,可有效对研究居民的职住空间关系提供支撑。国内目前基于手机信令的研究城市职住空间关系更偏向于一些大城市与特大城市,对于中小型城市的研究较少,本文拟通过延庆区手机信令数据对其职住关系进行研究,利用SPARK大数据处理计算引擎筛选数据,通过ArcGIS将其可视化以便更直观表现延庆区以及延庆镇的职住空间分布特征及其通勤...},
	language = {中文;},
	urldate = {2021-04-28},
	school = {北京林业大学},
	author = {常在春},
	year = {2019},
	keywords = {手机信令数据, 职住空间, 延庆区, Jobs-housing spatial relationship, Phone signaling data, Yanqing},
}


@article{yang_beijing_district,
	title = {基于多源数据的城市功能区精细化研究 —— 以北京为例},
	volume = {40},
	issn = {1000-0585},
	abstract = {城市功能分区研究在时空尺度上不断细化,多源数据融合有利于推动城市功能分区研究的精细化发展。本文对比国内外城市功能区研究中对多种新型地理数据的内涵挖掘和应用,通过融合北京市2017年14400个栅格区域的手机信令数据和2016年高德地图380975条兴趣点(POI)数据,量化区域功能使用强度的日夜差异和内部功能混杂程度,完成区域主导功能类型判定及功能混合度评价,并对北京城市功能区划分结果进行分析与验证,主要结论:①北京的日间活跃区域面积是夜间活跃区域面积的3倍,其中餐饮、生活等服务设施的夜间使用强度更高,金融、旅游、公共服务设施的日间使用强度更高;②北京市面积占比最大的三类功能区是旅游(28.2...},
	language = {中文;},
	number = {02},
	urldate = {2021-04-28},
	journal = {地理研究},
	author = {杨振山 and 苏锦华 and 杨航 and 赵永宏},
	year = {2021},
	note = {Number: 02},
	keywords = {北京, Beijing, 城市功能区, 多源数据, 混合功能区, 人口热度, mixed functional area, multi-source data, population density, urban functional area},
	pages = {477--494},
}


@article{quanzhou,
	title = {基于 POI 数据的城市功能区划分和识别},
	volume = {48},
	issn = {1000-5846},
	abstract = {随着社会经济发展,识别城市功能区,理解城市功能区的空间分布特征,对城市的科学规划和政府决策具有非常重要的作用.采用一种新型的城市功能区分区模型,利用城市路网划分出不规则格网作为研究单元,根据POI(point of mterest)的建筑面积、公众认知度对POI数据进行重分类和权重赋值.在此基础上使用核密度估计方法,并利用格网分割核密度,进而定量分析,实现城市功能区的划分和识别.最后将研究结果与泉州市地图进行对比,验证实验的准确率.},
	language = {中文;},
	number = {01},
	urldate = {2021-04-28},
	journal = {辽宁大学学报(自然科学版)},
	author = {毋亭, 汤志伟},
	year = {2021},
	note = {Number: 01},
	keywords = {城市功能分区, 核密度估计, 空间识别, kernel density estimation, POI, spatial identification, urban functional zoning},
	pages = {28--37},
}


@article{wang_beijing,
	title = {基于手机信令数据的北京市职住空间分布格局及匹配特征},
	volume = {39},
	issn = {1007-6301},
	abstract = {职住空间作为城市系统最重要的组成部分,直接影响了城市的形态结构、居民的行为体验以及社会的和谐宜居,长期以来受到城市研究者的关注和重视。论文利用覆盖北京全市域并持续1个月的1亿多条手机信令数据,基于DBSCAN的聚类方法,通过OD定向联系,识别出同时具备居住—就业关系特征的职住空间。在此基础上,针对北京市辖区、环路、街道乡镇等不同空间尺度,综合运用空间错位指数、职住偏离度、职住分离率、通勤流动率等计算方法,研究北京职住空间分布格局及匹配特征。研究发现:①北京市居住空间呈现大分散、小集聚特征,就业空间呈现大集聚、小分散特征;②基于各个空间尺度、不同测度方法的分析结果均表明,职住空间的不匹配程度呈现...},
	language = {中文;},
	number = {12},
	urldate = {2021-04-15},
	journal = {地理科学进展},
	author = {王, 蓓 and 王, 良 and 刘, 艳华 and 杨, 波 and 黄, 晓春 and 杨, 明},
	year = {2020},
	keywords = {北京, 空间匹配特征, 手机信令, 职住空间, Beijing, jobs-housing mismatch, jobs-housing space, mobile phone signaling data},
	pages = {2028--2042},
}

@article{zhang_poi,
   title={poi 数据在中国城市研究中的应用},
   author={张景奇;史文宝;修春亮;},
   authoraddress={东北大学文法学院;东北大学江河建筑学院;},
   journal={地理科学},
   year={2021},
   volume={41},
   number={01},
   pages={140-148},
   keywords={poi;地理大数据;城市功能区划分;业态集聚;边界识别},
   abstract={兴趣点(pointofinterest,poi)数据的兴起带动了城市研究的革新。为梳理中国poi数据在城市研究的应用进展,阶段性总结其应用方向、数据分析方法及尚存不足,并为未来poi数据在中国城市发展中的应用提供思路和借鉴。应用citespace工具对中国知网2010—2019年625篇相关文献进行知识图谱分析,结合分析结果对poi数据应用方向和数据分析方法进行梳理总结。结果表明},
   isbn/issn={1000-0690},
   notes={22-1124/p},
   databaseprovider={cnki},
}

@article{shao_jiejing,
   title={基于街景大数据的北京、上海街景舒适度评价及比较},
   author={邵钰涵;殷雨婷;薛贞颖;},
   authoraddress={同济大学建筑与城市规划学院;同济大学上海市城市更新及其空间优化技术重点实验室;谢菲尔德大学风景园林学院;同济大学建筑与城市规划学院景观学系;},
   journal={风景园林},
   year={2021},
   volume={28},
   number={01},
   pages={53-59},
   keywords={街景舒适度;大数据;城市尺度;空间映射},
   abstract={基于环境舒适度的理论扩展和街景大数据的应用实践,在城市尺度下对北京和上海2座城市的街景在舒适度感知、影响舒适度的元素以及城市间街景舒适度分布差异方面进行探讨。采用图像语义分割技术,依据街景元素构成特征,通过聚类方法对其进行分类,而后通过网络问卷收集街景舒适度的主观评价。通过相关性分析及数据对比,成功建立了人们对于街景的舒适度感知与客观街道环境元素之间的联系,并区分出对舒适度具有积极和消极影响作用的街景元素;通过将舒适度评价结果在城市空间中进行映射,来反映不同城市之间、城市内部不同区域之间的舒适度分布情况及差异。结果显示北京和上海的街道中的"地形起伏",均可增强行人的舒适度,而"墙"在2个城市街道中对街道舒适度的作用相反。与以往研究不同的是,"植物"并未显示出对街景舒适度明显的促进作用。就舒适度在城市中的分布来看,北京、上海的老城区舒适度均较低,北京大部分舒适度较低的街道多集中于二环以内的历史性街区,而上海街道的舒适度分布则未呈现出明显规律。基于街景视觉特征的分类方法,归纳总结针对不同类型街道舒适度提升的规划设计建议,为未来能够进一步形成更加精细化、多维度的街景分类标准探索了新的可能。},
   isbn/issn={1673-1530},
   notes={11-5366/s},
   databaseprovider={cnki},
}

@article{li_minibatch,
   title={基于minibatch-kmeans和xgboost算法的大型场所wlan室内定位的方法},
   author={李斌;张金焕;封靖川;},
   authoraddress={中南大学;},
   journal={数字技术与应用},
   year={2018},
   volume={36},
   number={10},
   pages={139-140},
   keywords={wlan室内定位;minibatch-kmeans;xgboost;数据降维},
   abstract={基于rss的wlan指纹定位算法,针对大型场所的室内定位数据维数高,计算量大,定位精度不高的问题,本文提出一种基于先聚类再分类的方法.本文用minibatch-kmeans先聚类分区定位,然后采用xgboost分类算法在子区域精确定位,解决了大型场所室内定位数据维数高,运算速度慢的问题,并提高了定位的精度。本文提出的算法具有很大的应用价值和应用前景。},
   isbn/issn={1007-9416},
   notes={12-1369/tn},
   databaseprovider={cnki},
}

@article{wang_huaxiang,
   title={利用手机信令数据刻画不同人物画像},
   author={王岩;范子贤;李成名;戴昭鑫;},
   authoraddress={沈阳建筑大学交通工程学院;中国测绘科学研究院;},
   journal={测绘通报},
   year={2021},
   number={01},
   pages={84-89},
   keywords={手机信令数据;个体单元;高簇聚类;出行类型;画像刻画},
   abstract={本文基于微软亚洲研究院geolife项目北京志愿者2007—2012年长时间尺度的手机信令数据,以个体为单元开展了出行类型和人物画像研究,提出了一种基于高簇聚类对用户轨迹类型进行划分,然后结合出行规律,综合考虑职业类型、年龄、爱好属性特征的人物画像刻画的方法。研究主要结论为},
   isbn/issn={0494-0911},
   notes={11-2246/p},
   databaseprovider={cnki},
}

@inproceedings{zheng_game,
   title={基于用户画像、信令挖掘技术的手机游戏产品推广},
   tertiarytitle={广东通信2010青年论坛优秀论文集},
   author={郑宝鑫;周雪松;李斌;唐宇;},
   authoraddress={中国移动通信集团广东有限公司珠海分公司;},
   secondarytitle={广东通信2010青年论坛},
   placepublished={中国广东广州},
   subsidiaryauthor={广东省通信学会},
   year={2010},
   pages={4},
   keywords={手机游戏;用户画像;信令挖掘;手机qq;精确营销},
   abstract={随着移动互联网的迅猛发展、智能手机的普及以及众多手机游戏厂家的加盟,手机游戏市场前景一片光明。目前运营商在数据业务新产品的营销推广上仍然欠缺经验和缺乏有效的支撑手段,用户群细分不足、用户行为特征及个人喜好不了解。本文提出一种基于用户画像技术结合信令挖掘技术的手机游戏产品推广新思路。通过实际推广营销结果表明,手机游戏产品推广新思路营销成功率较传统营销手段提高了近50倍。},
   databaseprovider={cnki},
}

@article{xue_liaoning_dist,
	title = {辽宁 POI 功能区识别方法},
	abstract = {精准识别城市功能区对于优化协调城市人地系统，完善城市规划及促进城市可持续发展具有重要意义。选取公众认知度和地物一般面积对行业POI数据核密度进行加权，构建城市功能区定量识别方法，以本溪为例，输出城市功能区分布图并开展分析。结果表明：①考虑公众认识度与一般面积的核密度加权方法具有更高的实际性和准确性；②本溪市中心城区受地块大小、交通等因素影响，形成“多中心”组团、“单一—混合”功能区协同发展的空间格局。应进一步完善本溪新城区公共服务体系、优化旅游业产业链条，推进资源型城市转型进程。},
	language = {cn},
	urldate = {2021-04-28},
	author = {{薛冰} and Bing, X. U. E. and {赵冰玉} and Bing-yu, ZHAO and {肖骁} and Xiao, XIAO and {李京忠} and Jing-zhong, L. I. and {谢潇} and Xiao, X. I. E. and {任婉俠} and Wan-xia, R. E. N.},
	month = {8},
	year = {2020},
	note = {ISSN: 1003-2398 Publisher: 人文地理},
}


@inproceedings{phithakkitnukoon_activity-aware_2010,
	address = {Berlin, Heidelberg},
	series = {Lecture {Notes} in {Computer} {Science}},
	title = {Activity-{Aware} {Map}: {Identifying} {Human} {Daily} {Activity} {Pattern} {Using} {Mobile} {Phone} {Data}},
	isbn = {978-3-642-14715-9},
	shorttitle = {Activity-{Aware} {Map}},
	doi = {10.1007/978-3-642-14715-9_3},
	abstract = {Being able to understand dynamics of human mobility is essential for urban planning and transportation management. Besides geographic space, in this paper, we characterize mobility in a profile-based space (activity-aware map) that describes most probable activity associated with a specific area of space. This, in turn, allows us to capture the individual daily activity pattern and analyze the correlations among different people’s work area’s profile. Based on a large mobile phone data of nearly one million records of the users in the central Metro-Boston area, we find a strong correlation in daily activity patterns within the group of people who share a common work area’s profile. In addition, within the group itself, the similarity in activity patterns decreases as their work places become apart.},
	language = {en},
	booktitle = {Human {Behavior} {Understanding}},
	publisher = {Springer},
	author = {Phithakkitnukoon, Santi and Horanont, Teerayut and Di Lorenzo, Giusy and Shibasaki, Ryosuke and Ratti, Carlo},
	editor = {Salah, Albert Ali and Gevers, Theo and Sebe, Nicu and Vinciarelli, Alessandro},
	year = {2010},
	keywords = {Daily Activity Pattern, Human Mobility, Mobile Phone, Spatial Window, Work Cell},
	pages = {14--25},
}

@article{dashdorj_semantic_2018,
	title = {Semantic {Enrichment} of {Mobile} {Phone} {Data} {Records} {Using} {Background} {Knowledge}},
	volume = {143},
	issn = {09507051},
	doi = {10.1016/j.knosys.2017.11.038},
	urldate = {2021-05-24},
	journal = {Knowledge-Based Systems},
	author = {Dashdorj, Zolzaya and Sobolevsky, Stanislav and Serafini, Luciano and Antonelli, Fabrizio and Ratti, Carlo},
	month = {5},
	year = {2018},
	note = {arXiv: 1504.05895},
	keywords = {68, Computer Science - Artificial Intelligence, Computer Science - Information Theory, G.3, H.1.2, H.2.8, H.3.3, I.2.3, I.2.4},
	pages = {225--235},
}
